<record><leader>00000cas a2200000 a 4500</leader><controlfield tag="001">11746253</controlfield><controlfield tag="008">850228d19141943ksuzr ne      0   a0eng d</controlfield><datafield ind1=" " ind2=" " tag="010"><subfield code="a">sn 84030284 </subfield></datafield><datafield ind1=" " ind2=" " tag="040"><subfield code="a">KSH</subfield><subfield code="b">eng</subfield><subfield code="c">KSH</subfield><subfield code="d">NPT</subfield><subfield code="d">OCL</subfield><subfield code="d">OCLCQ</subfield></datafield><datafield ind1=" " ind2=" " tag="042"><subfield code="a">msc</subfield></datafield><datafield ind1="0" ind2=" " tag="130"><subfield code="a">Madison mirror (Madison, Kan.)</subfield></datafield><datafield ind1="1" ind2="4" tag="245"><subfield code="a">The Madison mirror.</subfield></datafield><datafield ind1=" " ind2=" " tag="260"><subfield code="a">Madison, Kan. :</subfield><subfield code="b">Lawrence M. Shearer,</subfield><subfield code="c">-1943.</subfield></datafield><datafield ind1=" " ind2=" " tag="300"><subfield code="a">v. :</subfield><subfield code="b">ill. ;</subfield><subfield code="c">49-56 cm.</subfield></datafield><datafield ind1=" " ind2=" " tag="310"><subfield code="a">Frequency varies</subfield></datafield><datafield ind1="0" ind2=" " tag="362"><subfield code="a">-Mar. 24, 1943.</subfield></datafield><datafield ind1="1" ind2=" " tag="362"><subfield code="a">Began in 1914.</subfield></datafield><datafield ind1=" " ind2=" " tag="515"><subfield code="a">Numbering is irregular.</subfield></datafield><datafield ind1=" " ind2=" " tag="525"><subfield code="a">Includes supplements.</subfield></datafield><datafield ind1=" " ind2=" " tag="588"><subfield code="a">Description based on: Vol. 1, no. 3 (Oct. 21, 1914).</subfield></datafield><datafield ind1=" " ind2=" " tag="752"><subfield code="a">United States</subfield><subfield code="b">Kansas</subfield><subfield code="c">Greenwood</subfield><subfield code="d">Madison.</subfield></datafield></record>